% Encoding: UTF-8

@InProceedings{4469170,
  author    = {S. Sergyan},
  title     = {Color histogram features based image classification in content-based image retrieval systems},
  booktitle = {2008 6th International Symposium on Applied Machine Intelligence and Informatics},
  year      = {2008},
  pages     = {221-224},
  month     = {Jan},
  doi       = {10.1109/SAMI.2008.4469170},
  keywords  = {content-based retrieval;image classification;image colour analysis;image retrieval;statistical analysis;content-based image retrieval systems;CBIR;image classification;color histogram feature;Histograms;Image classification;Image retrieval;Content based retrieval;Pixel;Probability distribution;Informatics;Classification algorithms;Image databases;Spatial databases},
}

@Article{wold1987principal,
  author  = {WOLD, SVANTE and ESBENSEN, KIM and GELADI, PAUL},
  title   = {Principal Component Analysis},
  journal = {Chemometrics and Intelligent Laboratory Systems},
  year    = {1987},
  volume  = {2},
  pages   = {37--52},
}

@Article{olvera2010review,
  author    = {Olvera-L{\'o}pez, J Arturo and Carrasco-Ochoa, J Ariel and Mart{\'\i}nez-Trinidad, J Francisco and Kittler, Josef},
  title     = {A review of instance selection methods},
  journal   = {Artificial Intelligence Review},
  year      = {2010},
  volume    = {34},
  number    = {2},
  pages     = {133--143},
  publisher = {Springer},
}

@PhdThesis{arnaiz2018estudio,
  author = {Arnaiz Gonz{\'a}lez, {\'A}lvar and others},
  title  = {Estudio de m{\'e}todos de selecci{\'o}n de instancias},
  school = {Universidad de Burgos. Departamento de Ingenier√≠a Civil},
  year   = {2018},
  url    = {http://riubu.ubu.es/handle/10259/4830},
}

@Article{4610973,
  author   = {H. Frigui and P. Gader},
  title    = {Detection and Discrimination of Land Mines in Ground-Penetrating Radar Based on Edge Histogram Descriptors and a Possibilistic$K$-Nearest Neighbor Classifier},
  journal  = {IEEE Transactions on Fuzzy Systems},
  year     = {2009},
  volume   = {17},
  number   = {1},
  pages    = {185-199},
  month    = {Feb},
  issn     = {1063-6706},
  doi      = {10.1109/TFUZZ.2008.2005249},
  keywords = {feature extraction;ground penetrating radar;landmine detection;pattern classification;radar imaging;landmine detection;landmine discrimination;ground penetrating radar;edge histogram descriptors;possibilistic k-nearest neighbor classifier;sensor data;feature extraction;possibilistic K-nearest neighbors;confidence assignment;anomaly detection;translation invariant features;local edge distribution;3D GPR signatures;training signatures;Image edge detection;Landmine detection;Radar detection;Ground penetrating radar;Histograms;Prototypes;Feature extraction;Testing;Sensor phenomena and characterization;Sensor systems;Edge histogram descriptor;feature-based discrimination;land mine detection;possibilistic$K$-nearest neighbor ($K$-NN)},
}

@Comment{jabref-meta: databaseType:bibtex;}
